@unpublished{CERN:39038,
      author        = "CERN AC",
      title         = "{Layout of ATLAS. Dessin representant le detecteur ATLAS}",
      month         = "Mar",
      year          = "1998",
      reportNumber  = "CERN-DI-9803026",
      url           = "https://cds.cern.ch/record/39038",
}
